<record><leader>01116cam a2200325 a 45 0</leader><controlfield tag="001">6861337</controlfield><controlfield tag="003">OCoLC</controlfield><controlfield tag="005">20150519175602.0</controlfield><controlfield tag="008">141119t20152016mau           000 0 eng d</controlfield><datafield ind1=" " ind2=" " tag="015"><subfield code="a">GBB501097</subfield><subfield code="2">bnb</subfield></datafield><datafield ind1="7" ind2=" " tag="016"><subfield code="a">017001125</subfield><subfield code="2">Uk</subfield></datafield><datafield ind1=" " ind2=" " tag="020"><subfield code="a">9781305259133 (pbk.)</subfield></datafield><datafield ind1=" " ind2=" " tag="020"><subfield code="a">1305259130 (pbk.)</subfield></datafield><datafield ind1=" " ind2=" " tag="040"><subfield code="a">UKMGB</subfield><subfield code="b">eng</subfield><subfield code="c">UKMGB</subfield><subfield code="d">OCLCO</subfield><subfield code="d">OCLCF</subfield><subfield code="d">AGPC</subfield></datafield><datafield ind1="0" ind2="4" tag="082"><subfield code="a">651.504261</subfield><subfield code="2">23</subfield></datafield><datafield ind1=" " ind2=" " tag="090"><subfield code="a">RB 115 C68 2015</subfield><subfield code="b">AGPC</subfield></datafield><datafield ind1="1" ind2=" " tag="100"><subfield code="a">Covell, Alice,</subfield><subfield code="e">author.</subfield></datafield><datafield ind1="1" ind2="0" tag="245"><subfield code="a">2015 coding workbook for the physician's office /</subfield><subfield code="c">Alice Covell.</subfield></datafield><datafield ind1=" " ind2="1" tag="264"><subfield code="a">Boston, MA :</subfield><subfield code="b">Cengage Learning,</subfield><subfield code="c">2015.</subfield></datafield><datafield ind1=" " ind2="4" tag="264"><subfield code="c">&#169;2016.</subfield></datafield><datafield ind1=" " ind2=" " tag="300"><subfield code="a">x, 181 pages ;</subfield><subfield code="c">28 cm</subfield></datafield><datafield ind1=" " ind2=" " tag="336"><subfield code="a">text</subfield><subfield code="2">rdacontent</subfield></datafield><datafield ind1=" " ind2=" " tag="337"><subfield code="a">unmediated</subfield><subfield code="2">rdamedia</subfield></datafield><datafield ind1=" " ind2=" " tag="338"><subfield code="a">volume</subfield><subfield code="2">rdacarrier</subfield></datafield><datafield ind1=" " ind2=" " tag="596"><subfield code="a">28</subfield></datafield><datafield ind1=" " ind2="0" tag="650"><subfield code="a">Medical records</subfield><subfield code="x">Management</subfield><subfield code="z">United States.</subfield></datafield><datafield ind1=" " ind2="0" tag="650"><subfield code="a">Diseases</subfield><subfield code="z">United States</subfield><subfield code="v">Code numbers.</subfield></datafield><datafield ind1=" " ind2="0" tag="650"><subfield code="a">Medical records</subfield><subfield code="z">United States</subfield><subfield code="v">Code numbers.</subfield></datafield><datafield ind1=" " ind2="0" tag="650"><subfield code="a">Health insurance claims</subfield><subfield code="z">United States</subfield><subfield code="v">Code numbers.</subfield></datafield><datafield ind1=" " ind2=" " tag="926"><subfield code="a">RB 115 C68 2015</subfield><subfield code="w">LC</subfield><subfield code="c">1</subfield><subfield code="i">31847001274098</subfield><subfield code="l">ON_SHELF</subfield><subfield code="m">GPRC_GP</subfield><subfield code="p">$150.00</subfield><subfield code="r">Y</subfield><subfield code="s">Y</subfield><subfield code="t">BOOK</subfield><subfield code="u">3/10/2015</subfield></datafield></record>